<?xml version="1.0" encoding="UTF-8"?><record xmlns="http://www.loc.gov/MARC21/slim" xmlns:cinclude="http://apache.org/cocoon/include/1.0" xmlns:zs="http://www.loc.gov/zing/srw/">
  <leader>00540nz  a2200133n  4500</leader>
  <controlfield tag="001">nr 93035190 </controlfield>
  <controlfield tag="003">DLC</controlfield>
  <controlfield tag="005">19930909063416.2</controlfield>
  <controlfield tag="008">930908n| acannaab|          |a anc     c</controlfield>
  <datafield tag="010" ind1=" " ind2=" ">
    <subfield code="a">nr 93035190 </subfield>
  </datafield>
  <datafield tag="040" ind1=" " ind2=" ">
    <subfield code="a">NNC</subfield>
    <subfield code="c">NNC</subfield>
  </datafield>
  <datafield tag="110" ind1="2" ind2="0">
    <subfield code="a">DPKR (Political party)</subfield>
  </datafield>
  <datafield tag="410" ind1="2" ind2="0">
    <subfield code="a">Demokraticheskai︠a︡ partii︠a︡ kommunistov Rossii</subfield>
  </datafield>
  <datafield tag="670" ind1=" " ind2=" ">
    <subfield code="a">Sʺezd DPKR--Narodnoĭ partii Svobodnai︠a︡ Rossii︠a︡ (1st : 1991 : Moscow, R.S.F.S.R.). Materialy pervogo sʺezda ... 1992:</subfield>
    <subfield code="b">t.p., etc. (DPKR) p. 74 (... Demokraticheskoĭ partii kommunistov Rossii)</subfield>
  </datafield>
</record>